@article{svm,
 author = {Cortes, Corinna and Vapnik, Vladimir},
 title = {Support-Vector Networks},
 journal = {Mach. Learn.},
 issue_date = {Sept. 1995},
 volume = {20},
 number = {3},
 month = sep,
 year = {1995},
 issn = {0885-6125},
 pages = {273--297},
 numpages = {25},
 url = {http://dx.doi.org/10.1023/A:1022627411411},
 doi = {10.1023/A:1022627411411},
 acmid = {218929},
 publisher = {Kluwer Academic Publishers},
 address = {Hingham, MA, USA},
 keywords = {efficient learning algorithms, neural networks, pattern recognition, polynomial classifiers, radial basis function classifiers},
} 


@inproceedings{crf,
 author = {Lafferty, John D. and McCallum, Andrew and Pereira, Fernando C. N.},
 title = {Conditional Random Fields: Probabilistic Models for Segmenting and Labeling Sequence Data},
 booktitle = {Proceedings of the Eighteenth International Conference on Machine Learning},
 series = {ICML '01},
 year = {2001},
 isbn = {1-55860-778-1},
 pages = {282--289},
 numpages = {8},
 url = {http://dl.acm.org/citation.cfm?id=645530.655813},
 acmid = {655813},
 publisher = {Morgan Kaufmann Publishers Inc.},
 address = {San Francisco, CA, USA},
} 

@misc{wordshape,
	author = {Klein, Dan and Manning, Chris},
	title = {Stanford NLP Library: WordShape Classifier},
	url = {http://nlp.stanford.edu/nlp/javadoc/javanlp/edu/stanford/nlp/process/WordShapeClassifier.html},
}

@misc{crfsuite,
	author = {Naoaki Okazaki},
	title = {CRFsuite: a fast implementation of Conditional Random Fields (CRFs)},
	url = {http://www.chokkan.org/software/crfsuite/},
	year = {2007}
}


@article{libsvm,
 author = {Chang, Chih-Chung and Lin, Chih-Jen},
 title = {{LIBSVM}: A library for support vector machines},
 journal = {ACM Transactions on Intelligent Systems and Technology},
 volume = {2},
 issue = {3},
 year = {2011},
 pages = {27:1--27:27},
 note =	 {Software available at \url{http://www.csie.ntu.edu.tw/~cjlin/libsvm}}
}


@Article{liblinear,
  author = 	 {Rong-En Fan and Kai-Wei Chang and Cho-Jui Hsieh and Xiang-Rui Wang and Chih-Jen Lin},
  title = 	 {{LIBLINEAR}: A Library for Large Linear Classification},
  journal = 	 {Journal of Machine Learning Research},
  year = 	 {2008},
  volume =	 {9},
  pages =	 {1871--1874}
}

@book{nltk,
  abstract = {This book offers a highly accessible introduction to Natural Language Processing, the field that underpins a variety of language technologies ranging from predictive text and email filtering to automatic summarization and translation. Using NLTK, you'll learn how to write Python programs to analyze the structure and meaning of texts, drawing on techniques from the fields of linguistics and artificial intelligence.},
  added-at = {2012-05-30T10:43:08.000+0200},
  address = {Beijing},
  author = {Bird, Steven and Klein, Ewan and Loper, Edward},
  biburl = {http://www.bibsonomy.org/bibtex/2c90dc59441d01c8bef58a947274164d4/flint63},
  doi = {http://my.safaribooksonline.com/9780596516499},
  file = {O'Reilly Product page:http\://www.oreilly.com/catalog/9780596516499/:URL;Amazon Search inside:http\://www.amazon.de/gp/reader/0596516495/:URL;Google Books:http\://books.google.de/books?isbn=978-0-596-51649-9:URL;Related Web Site:http\://www.nltk.org/:URL},
  groups = {public},
  interhash = {5408d7da097b9cd81239c238da8bfaf4},
  intrahash = {c90dc59441d01c8bef58a947274164d4},
  isbn = {978-0-596-51649-9},
  keywords = {v1205 safari book ai software development language processing text python framework},
  publisher = {O'Reilly},
  timestamp = {2012-05-30T10:43:08.000+0200},
  title = {Natural Language Processing with Python: Analyzing Text with the Natural Language Toolkit},
  url = {http://www.nltk.org/book},
  username = {flint63},
  year = 2009
}


@misc{flask,
	author = {Armin Ronacher},
	title = {Flask: A microframework for Python based on Werkzeug
      and Jinja2},
	url = {https://github.com/mitsuhiko/flask/},
	year = {2012}
}

@article{dimensions,
 author = {Hayes, Brian},
 title = {An Adventure in the Nth Dimension},
 journal = {American Scientist},
 issue_date = {November-December 2011},
 volume = {99},
 number = {6},
 year = {2011},
 pages = {442-446},
 numpages = {25},
 url = {http://www.americanscientist.org/issues/pub/an-adventure-in-the-nth-dimension},
 doi = {10.1511/2011.93.442},
} 

@article{meystre,
title={Comparing Natural Language Processing Tools to Extract Medical Problems from Narrative Text},
author={Meystre, Stephane M. and Haug, Peter J. },
journal={AMIA Annu Symp Proc.},
year={2005},
pages={525-529},
url={http://www.ncbi.nlm.nih.gov/pmc/articles/PMC1560561/},
}

@article{torii,
title={Using machine learning for concept extraction on
clinical documents from multiple data sources},
author={Manabu Torii and Kavishwar Wagholikar and Hongfang Liu},
journal={J Am Med Inform Assoc},
year={2011},
volume = {18},
pages = {580-587},
doi={10.1136/amiajnl-2011-000155},
url={http://jamia.bmj.com/content/18/5/580.abstract},

}

@article{heppe,
journal={International Journal of Medical Informatics},
title={Automatic concept extraction from spoken medical
reports},
author={Andre Happe and Bruno Pouliquen and Anita Burgun and Marc Cuggia and Pierre Le Beux},
year={2003},
volume={70},
pages={255-263},
}